@Book{Zach2021,
  author   = {Zach, Richard},
  date     = {2021},
  title    = {Incompleteness and Computability},
  isbn     = {9781077323391},
  subtitle = {An Open Introduction to GÃ¶del's Theorems},
  url      = {https://ic.openlogicproject.org},
  urldate  = {2024-10-31},
}

@Comment{jabref-meta: databaseType:biblatex;}

